
@book{Folland,
	title = {Real {Analysis}: {Modern} {Techniques} and {Their} {Applications}},
	isbn = {978-1-118-62639-9},
	shorttitle = {Real {Analysis}},
	language = {en},
	publisher = {John Wiley \& Sons},
	author = {Folland, Gerald B.},
	month = jun,
	year = {2013},
	note = {Google-Books-ID: wI4fAwAAQBAJ},
	keywords = {Mathematics / Mathematical Analysis},
}

@book{Korner,
	series = {Cambridge {Mathematical} {Library}},
	title = {Fourier analysis},
	isbn = {978-1-00-923005-6},
	publisher = {Cambridge University Press, Cambridge},
	author = {KÃ¶rner, T. W.},
	year = {2022},
	mrnumber = {4404761},
	doi = {10.1017/9781009230063},
	annote = {Reprint of [0924154], With a foreword by Terence Tao},
}


@book{LFA,
	title = {Linear {Functional} {Analysis}},
	isbn = {978-1-4471-3655-2},
	language = {en},
	publisher = {Springer Science \& Business Media},
	author = {Rynne, Bryan and Youngson, M. A.},
	month = mar,
	year = {2013},
	keywords = {Mathematics / Mathematical Analysis, Mathematics / Calculus},
}


@book{Krantz,
	title = {A {Guide} to {Functional} {Analysis}},
	isbn = {978-1-61444-213-4},
	language = {en},
	publisher = {American Mathematical Soc.},
	author = {Krantz, Steven G.},
	month = dec,
	year = 2013,
}
